
@book{bartels_unequal_2016,
	title = {Unequal {Democracy}: {The} {Political} {Economy} of the {New} {Gilded} {Age}},
	publisher = {Princeton University Press},
	author = {Bartels, Larry M.},
	year = {2016},
}

@article{fiorina_economic_1978,
	title = {Economic retrospective voting in {American} national elections: {A} micro-analysis},
	journal = {American Journal of political science},
	author = {Fiorina, Morris P},
	year = {1978},
	note = {Publisher: JSTOR},
	pages = {426--443},
}

@incollection{beyer_political_2018,
	title = {Political {Representation}: {Roles}, {Representatives}, and the {Represented}},
	booktitle = {The {Oxford} {Handbook} of {Political} {Representation} in {Liberal} {Democracies}},
	publisher = {Oxford University Press},
	author = {Beyer, M. M. and Hänni, Miriam},
	editor = {Thomassen, Jacques and Rhodes, R. A. W.},
	year = {2018},
	pages = {15},
}

@article{budge_direct_2006,
	title = {Direct and representative democracy: {Are} they necessarily opposed?},
	volume = {42},
	number = {1},
	journal = {Representation},
	author = {Budge, Ian},
	year = {2006},
	note = {Publisher: Taylor \& Francis},
	pages = {1--12},
}

@book{duch_economic_2006,
	title = {The {Economic} {Vote}: {How} {Political} and {Economic} {Institutions} {Condition} {Election} {Results}},
	publisher = {Cambridge University Press},
	author = {Duch, Raymond M. and Stevenson, Randolph T.},
	year = {2006},
}

@article{beyer_two_2018,
	title = {Two sides of the same coin? {Congruence} and responsiveness as representative democracy's currencies},
	volume = {46},
	journal = {Policy Studies Journal},
	author = {Beyer, Daniela and Hänni, Miriam},
	year = {2018},
	note = {Publisher: Wiley Online Library},
	pages = {S13--S47},
}

@book{downs_economic_1957,
	title = {An {Economic} {Theory} of {Democracy}},
	publisher = {Harper \& Brothers},
	author = {Downs, Anthony},
	year = {1957},
}

@article{schakel_unequal_2021,
	title = {Unequal policy responsiveness in the {Netherlands}},
	volume = {19},
	number = {1},
	journal = {Socio-Economic Review},
	author = {Schakel, Wouter},
	year = {2021},
	note = {Publisher: Oxford University Press},
	pages = {37--57},
}

@article{elkjaer_political_2020,
	title = {The political representation of economic interests: subversion of democracy or middle-class supremacy?},
	volume = {72},
	number = {2},
	journal = {World Politics},
	author = {Elkjær, Mads Andreas and Iversen, Torben},
	year = {2020},
	note = {Publisher: Cambridge University Press},
	pages = {254--290},
}

@article{lupu_unequal_2023,
	title = {Unequal policy responsiveness in {Spain}},
	volume = {21},
	number = {3},
	journal = {Socio-Economic Review},
	author = {Lupu, Noam and Tirado Castro, Alejandro},
	year = {2023},
	note = {Publisher: Oxford University Press},
	pages = {1697--1720},
}

@article{mathisen_affluence_2023,
	title = {Affluence and influence in a social democracy},
	volume = {117},
	number = {2},
	journal = {American political science review},
	author = {Mathisen, Ruben B},
	year = {2023},
	note = {Publisher: Cambridge University Press},
	pages = {751--758},
}

@article{elsasser_implementation_2021,
	title = {Implementation of {Party} {Manifesto} {Promises} in {Germany}},
	volume = {30},
	number = {1},
	journal = {German Politics},
	author = {Elsässer, Lea and Hense, Andreas R. and Schäfer, Armin},
	year = {2021},
	note = {Publisher: Taylor \& Francis},
	pages = {1--25},
}

@article{enns_relative_2015,
	title = {Relative {Policy} {Support} and {Coincidental} {Representation}},
	volume = {13},
	doi = {10.1017/S1537592715002315},
	number = {4},
	journal = {Perspectives on Politics},
	author = {Enns, Peter K.},
	year = {2015},
	note = {Publisher: Cambridge University Press},
	pages = {1053--1064},
}

@article{fiorina_retrospective_1981,
	title = {Retrospective {Voting} in {American} {National} {Elections}},
	journal = {Yale University Press},
	author = {Fiorina, Morris P.},
	year = {1981},
}

@article{gerring_democracy_2012,
	title = {Democracy and {Human} {Development}},
	volume = {74},
	number = {1},
	journal = {Journal of Politics},
	author = {Gerring, John and Thacker, Strom C. and Alfaro, Rodrigo},
	year = {2012},
	note = {Publisher: Cambridge University Press},
	pages = {1--17},
}

@article{gilens_affluence_2015,
	title = {Affluence and {Influence} {Revisited}},
	volume = {13},
	number = {4},
	journal = {Perspectives on Politics},
	author = {Gilens, Martin},
	year = {2015},
	note = {Publisher: Cambridge University Press},
	pages = {933--943},
}

@article{hanretty_are_2021,
	title = {Are the {UK}'s {MPs} punished for their {Brexit} vote?},
	volume = {70},
	journal = {Electoral Studies},
	author = {Hanretty, Christopher and Mellon, Jon and English, Robin},
	year = {2021},
	note = {Publisher: Elsevier},
	pages = {102275},
}

@article{harding_democratic_2015,
	title = {The democratic disadvantage of uninformed citizens},
	volume = {17},
	journal = {Political Decision Making, Deliberation and Participation: Research in Political Behavior},
	author = {Harding, Robert},
	year = {2015},
	note = {Publisher: Emerald Group Publishing Limited},
	pages = {1--25},
}

@article{healy_retrospective_2013,
	title = {Retrospective {Voting} {Reconsidered}},
	volume = {16},
	journal = {Annual Review of Political Science},
	author = {Healy, Andrew J. and Malhotra, Neil},
	year = {2013},
	note = {Publisher: Annual Reviews},
	pages = {285--306},
}

@article{healy_digging_2017,
	title = {Digging into the {Pocketbook}: {Evidence} on {Economic} {Voting} from {Income} {Registry} {Data} {Matched} to a {Voter} {Survey}},
	volume = {9},
	number = {1},
	journal = {American Economic Journal: Applied Economics},
	author = {Healy, Andrew J. and Persson, Mikael and Snowberg, Erik},
	year = {2017},
	note = {Publisher: American Economic Association},
	pages = {1--32},
}

@book{duch_economic_2008,
	title = {The economic vote: {How} political and economic institutions condition election results},
	publisher = {Cambridge University Press},
	author = {Duch, Raymond M and Stevenson, Randolph T},
	year = {2008},
}

@article{lewis-beck_economic_2000,
	title = {Economic determinants of electoral outcomes},
	volume = {3},
	number = {1},
	journal = {Annual review of political science},
	author = {Lewis-Beck, Michael S and Stegmaier, Mary},
	year = {2000},
	note = {Publisher: Annual Reviews 4139 El Camino Way, PO Box 10139, Palo Alto, CA 94303-0139, USA},
	pages = {183--219},
}

@article{hellwig_perceptions_2015,
	title = {Perceptions of economic mobility: evidence from {Europe}},
	volume = {13},
	number = {2},
	journal = {Socio-Economic Review},
	author = {Hellwig, Timothy and Marinova, Daniela},
	year = {2015},
	note = {Publisher: Oxford University Press},
	pages = {255--274},
}

@article{highton_voters_2019,
	title = {Voters and {Candidates}: {Downsian} and {Retrospective} {Voting}},
	volume = {22},
	journal = {Annual Review of Political Science},
	author = {Highton, Benjamin},
	year = {2019},
	note = {Publisher: Annual Reviews},
	pages = {79--98},
}

@article{knutsen_democratization_2021,
	title = {Democratization and {Economic} {Development}},
	journal = {Oxford Research Encyclopedia of Politics},
	author = {Knutsen, Carl Henrik},
	year = {2021},
	note = {Publisher: Oxford University Press},
}

@article{kopkin_gender_2022,
	title = {Gender and {Responsiveness} in the {U}.{S}. {House}},
	volume = {75},
	number = {3},
	journal = {Political Research Quarterly},
	author = {Kopkin, Natalya and Roberts, Jason M.},
	year = {2022},
	note = {Publisher: SAGE Publications},
	pages = {754--766},
}

@book{schlozman_unheavenly_2012,
	title = {The unheavenly chorus: {Unequal} political voice and the broken promise of {American} democracy},
	publisher = {Princeton University Press},
	author = {Schlozman, Kay Lehman and Verba, Sidney and Brady, Henry E},
	year = {2012},
}

@article{lefkofridi_importance_2014,
	title = {The importance of ideology: explaining cross-national differences in the gender gap},
	volume = {34},
	journal = {Electoral Studies},
	author = {Lefkofridi, Zoe and Michel, Elie and Stockemer, Daniel},
	year = {2014},
	note = {Publisher: Elsevier},
	pages = {219--227},
}

@article{elkjaer_economic_2021,
	title = {Economic {Inequality} and {Political} {Responsiveness}: {A} {Systematic} {Review}},
	doi = {10.1017/S1537592721002188},
	journal = {Perspectives on Politics},
	author = {Elkjær, Mads Andreas and Klitgaard, Michael Baggesen},
	year = {2021},
	note = {Publisher: Cambridge University Press},
	pages = {1--20},
}

@book{lenz_follow_2012,
	title = {Follow the {Leader}? {How} {Voters} {Respond} to {Politicians}' {Policies} and {Performance}},
	publisher = {University of Chicago Press},
	author = {Lenz, Gabriel S.},
	year = {2012},
}

@article{lupu_voting_2022,
	title = {Voting for {Coalitions} in {Spain}},
	volume = {27},
	number = {3},
	journal = {South European Society and Politics},
	author = {Lupu, Noam and Tirado-Castro, Alberto},
	year = {2022},
	note = {Publisher: Taylor \& Francis},
	pages = {311--332},
}

@article{malka_association_2019,
	title = {The {Association} of {Religiosity} and {Political} {Conservatism}: {The} {Role} of {Political} {Engagement}},
	volume = {41},
	number = {2},
	journal = {Political Behavior},
	author = {Malka, Ariel and Lelkes, Yphtach and Soto, Christopher J. and Spivack, Emily},
	year = {2019},
	note = {Publisher: Springer},
	pages = {265--298},
}

@article{martin_information_2021,
	title = {Information and {Voting} in the 2020 {Presidential} {Election}: {Misinformation}, {Retrospective} {Evaluations}, and {Vote} {Choice}},
	volume = {115},
	number = {2},
	journal = {American Political Science Review},
	author = {Martin, Lisa W. and Raffler, Pia},
	year = {2021},
	note = {Publisher: Cambridge University Press},
	pages = {209--224},
}

@article{mathisen_policy_2023,
	title = {Policy congruence and government support in {Norway}},
	journal = {Policy Congruence and Representative Democracy},
	author = {Mathisen, Janne A.},
	year = {2023},
}

@article{matthiess_election_2020,
	title = {Election {Pledge} {Fulfilment} and {Government} {Support}: {A} {Comparative} {Study} of {Governments} in 17 {Countries}},
	volume = {30},
	number = {1},
	journal = {Journal of Elections, Public Opinion and Parties},
	author = {Matthiess, Theres},
	year = {2020},
	note = {Publisher: Routledge},
	pages = {92--114},
}

@article{naurin_election_2019,
	title = {Election pledges, governing with integrity, and government support},
	volume = {58},
	number = {1},
	journal = {European Journal of Political Research},
	author = {Naurin, Elin and Esaiasson, Peter and Öhrvall, Richard},
	year = {2019},
	note = {Publisher: Wiley},
	pages = {195--213},
}

@article{nyhan_hazards_2012,
	title = {The {Hazards} of {Correcting} {Myths} {About} {Health} {Care} {Reform}},
	volume = {50},
	number = {12},
	journal = {Medical Care},
	author = {Nyhan, Brendan and Reifler, Jason and Ubel, Peter A. and DeBruin, W. B.},
	year = {2012},
	note = {Publisher: LWW},
	pages = {1029--1034},
}

@article{persson_who_2023,
	title = {Who got what they wanted? {Investigating} the role of institutional agenda setting, costly policies, and status quo bias as explanations to income based unequal responsiveness},
	journal = {Journal of European Public Policy},
	author = {Persson, Mikael},
	year = {2023},
	note = {Publisher: Taylor \& Francis},
	pages = {1--23},
}

@article{toshkov_party_2020,
	title = {Party government and policy responsiveness. {Evidence} from three parliamentary democracies},
	volume = {40},
	number = {2},
	journal = {Journal of public policy},
	author = {Toshkov, Dimiter and Mäder, Lars and Rasmussen, Anne},
	year = {2020},
	note = {Publisher: Cambridge University Press},
	pages = {329--347},
}

@book{przeworski_democracy_1999,
	title = {Democracy, {Accountability}, and {Representation}},
	author = {Przeworski, Adam and Stokes, Susan C. and Manin, Bernard},
	year = {1999},
	note = {Publication Title: Cambridge University Press},
}

@article{persson_rich_2023,
	title = {The {Rich} {Have} a {Slight} {Edge}: {Evidence} from {Comparative} {Data} on {Income}-{Based} {Inequality} in {Policy} {Congruence}},
	journal = {British Journal of Political Science},
	author = {Persson, Mikael and Sundell, Anders},
	year = {2023},
	note = {Publisher: Cambridge University Press},
	pages = {1--12},
}

@article{rasmussen_opinion-policy_2019,
	title = {Opinion-{Policy} {Dynamics} in {European} {Countries}},
	volume = {52},
	number = {9},
	journal = {Comparative Political Studies},
	author = {Rasmussen, Anne and Reher, Stefanie and Toshkov, Dimiter},
	year = {2019},
	note = {Publisher: SAGE Publications},
	pages = {1275--1303},
}

@article{reher_gender_2018,
	title = {Gender and opinion–policy congruence in {Europe}},
	volume = {10},
	doi = {10.1017/S1755773918000140},
	number = {4},
	journal = {European Political Science Review},
	author = {Reher, Stefanie},
	year = {2018},
	note = {Publisher: Cambridge University Press},
	pages = {613--635},
}

@article{schakel_voting_2021,
	title = {Voting in the {Dutch} parliamentary elections: {Revisiting} the second-order model},
	volume = {71},
	journal = {Electoral Studies},
	author = {Schakel, Arjan H.},
	year = {2021},
	note = {Publisher: Elsevier},
	pages = {102312},
}

@article{kopkin_gender_2022-1,
	title = {Gender gaps in policy responsiveness},
	journal = {Political research quarterly},
	author = {Kopkin, Nolan and Roberts, Andrew},
	year = {2022},
	note = {Publisher: SAGE Publications Sage CA: Los Angeles, CA},
	pages = {10659129221136476},
}

@book{sen_democracy_1999,
	title = {Democracy as {Freedom}},
	author = {Sen, Amartya},
	year = {1999},
	note = {Publication Title: Cambridge University Press},
}

@book{sarlvik_swedish_1960,
	title = {The {Swedish} {National} {Election} {Study} 1960},
	url = {https://doi.org/10.5878/001126},
	language = {en},
	publisher = {University of Gothenburg and Statistics Sweden},
	author = {Särlvik, Bo},
	year = {1960},
}

@book{sarlvik_swedish_1964,
	title = {The {Swedish} {National} {Election} {Study} 1964},
	url = {https://doi.org/10.5878/002504},
	language = {en},
	publisher = {University of Gothenburg and Statistics Sweden},
	author = {Särlvik, Bo},
	year = {1964},
}

@book{sarlvik_swedish_1970,
	title = {The {Swedish} {National} {Election} {Study} 1970},
	url = {https://doi.org/10.5878/002508},
	language = {en},
	publisher = {University of Gothenburg and Statistics Sweden},
	author = {Särlvik, Bo},
	year = {1970},
}

@book{petersson_swedish_1973,
	title = {The {Swedish} {National} {Election} {Study} 1973},
	url = {https://doi.org/10.5878/002503},
	language = {en},
	publisher = {University of Gothenburg and Statistics Sweden},
	author = {Petersson, Olof and Särlvik, Bo},
	year = {1973},
}

@book{petersson_swedish_1976,
	title = {Swedish election study 1976},
	url = {https://doi.org/10.5878/002505},
	language = {en},
	publisher = {University of Gothenburg and Statistics Sweden},
	author = {Petersson, Olof},
	year = {1976},
}

@book{holmberg_swedish_1979,
	title = {The {Swedish} {National} {Election} {Study} 1979},
	url = {https://doi.org/10.5878/002509},
	language = {en},
	publisher = {University of Gothenburg},
	author = {Holmberg, Sören},
	year = {1979},
}

@book{holmberg_swedish_1982,
	title = {The {Swedish} {National} {Election} {Study} 1982},
	url = {https://doi.org/10.5878/002510},
	language = {en},
	publisher = {University of Gothenburg and Statistics Sweden},
	author = {Holmberg, Sören},
	year = {1982},
}

@book{holmberg_swedish_1985,
	title = {The {Swedish} {National} {Election} {Study} 1985},
	url = {https://doi.org/10.5878/002511},
	language = {en},
	publisher = {University of Gothenburg and Statistics Sweden},
	author = {Holmberg, Sören and Gilljam, Mikael},
	year = {1985},
}

@book{holmberg_swedish_1988,
	title = {The {Swedish} {National} {Election} {Study} 1988},
	url = {https://doi.org/10.5878/002512},
	language = {en},
	publisher = {University of Gothenburg and Statistics Sweden},
	author = {Holmberg, Sören and Gilljam, Mikael},
	year = {1988},
}

@book{holmberg_swedish_1991,
	title = {The {Swedish} {National} {Election} {Study} 1991},
	url = {https://doi.org/10.5878/002513},
	language = {en},
	publisher = {University of Gothenburg and Statistics Sweden},
	author = {Holmberg, Sören and Gilljam, Mikael},
	year = {1991},
}

@book{holmberg_swedish_1994,
	title = {The {Swedish} {National} {Election} {Study} 1994},
	url = {https://doi.org/10.5878/002514},
	language = {en},
	publisher = {University of Gothenburg},
	author = {Holmberg, Sören and Gilljam, Mikael},
	year = {1994},
}

@book{holmberg_swedish_1998,
	title = {The {Swedish} {National} {Election} {Study} 1998},
	url = {https://doi.org/10.5878/002515},
	publisher = {University of Gothenburg and Statistics Sweden},
	author = {Holmberg, Sören},
	year = {1998},
}

@book{holmberg_swedish_2002,
	title = {The {Swedish} {National} {Election} {Study} 2002},
	url = {https://doi.org/10.5878/002526},
	publisher = {University of Gothenburg and Statistics Sweden},
	author = {Holmberg, Sören and Oscarsson, Henrik Ekengren},
	year = {2002},
}

@book{holmberg_swedish_2006,
	title = {The {Swedish} {National} {Election} {Study} 2006},
	url = {https://doi.org/10.5878/002526},
	language = {en},
	publisher = {University of Gothenburg and Statistics Sweden},
	author = {Holmberg, Sören and Oscarsson, Henrik Ekengren},
	year = {2006},
}

@book{holmberg_swedish_2010,
	title = {The {Swedish} {National} {Election} {Study} 2010},
	url = {https://doi.org/10.5878/002905},
	language = {en},
	publisher = {University of Gothenburg and Statistics Sweden},
	author = {Holmberg, Sören and Oscarsson, Henrik Ekengren},
	year = {2010},
}

@article{persson_what_nodate,
	title = {What {Explains} {Unequal} {Responsiveness}? {Investigating} the {Role} of {Institutional} {Agenda} {Setting}, {Costly} {Policies}, and {Status} {Quo} {Bias}},
	journal = {Paper under review},
	author = {Persson, Mikael},
}

@article{persson_opinions_nodate,
	title = {From {Opinions} to {Policies}: {Examining} {Links} {Between} {Citizens}, {Representatives}, and {Policy} {Change}},
	journal = {Paper under review},
	author = {Persson, Mikael},
}

@book{achen_democracy_2016,
	address = {Princeton},
	title = {Democracy for {Realists}: {Why} {Elections} {Do} {Not} {Produce} {Responsive} {Government}},
	publisher = {Princeton University Press},
	author = {Achen, Christopher H and Bartels, Larry M},
	year = {2016},
}

@article{adams_understanding_2004,
	title = {Understanding {Change} and {Stability} in {Party} {Ideologies}: {Do} {Parties} {Respond} to {Public} {Opinion} or to {Past} {Election} {Results}?},
	volume = {34},
	number = {4},
	journal = {British journal of political science},
	author = {Adams, James and Clark, Michael and Ezrow, Lawrence and Glasgow, Garrett},
	year = {2004},
	note = {Publisher: Cambridge University Press},
	pages = {589--610},
}

@article{schakel_ideological_2018,
	title = {Ideological congruence and socio-economic inequality},
	volume = {10},
	number = {3},
	journal = {European Political Science Review},
	author = {Schakel, Wouter and Hakhverdian, Armen},
	year = {2018},
	note = {Publisher: Cambridge University Press},
	pages = {441--465},
}

@article{rosset_more_2013,
	title = {More {Money}, {Fewer} {Problems}? {Cross}-{Level} {Effects} of {Economic} {Deprivation} on {Political} {Representation}},
	volume = {36},
	number = {4},
	journal = {West European Politics},
	author = {Rosset, Jan and Giger, Nathalie and Bernauer, Julian},
	year = {2013},
	note = {Publisher: Taylor \& Francis},
	pages = {817--835},
}

@article{elsasser_not_2020,
	title = {Not just money: unequal responsiveness in egalitarian democracies},
	volume = {0},
	number = {0},
	journal = {Journal of European Public Policy},
	author = {Elsässer, Lea and Hense, Svenja and Schæfer, Armin},
	year = {2020},
	pages = {1--19},
}

@article{peters_differential_2015,
	title = {Differential responsiveness in {Europe}: {The} effects of preference difference and electoral participation},
	volume = {38},
	number = {3},
	journal = {West European Politics},
	author = {Peters, Yvette and Ensink, Sander J},
	year = {2015},
	note = {Publisher: Taylor \& Francis},
	pages = {577--600},
}

@article{bernauer_mind_2015,
	title = {Mind the {Gap}: {Do} {Proportional} {Electoral} {Systems} {Foster} a {More} {Equal} {Representation} of {Women} and {Men}, {Poor} and {Rich}?},
	volume = {36},
	number = {1},
	journal = {International Political Science Review},
	author = {Bernauer, Julian and Giger, Nathalie and Rosset, Jan},
	year = {2015},
	note = {Publisher: Sage Publications Sage UK: London, England},
	pages = {78--98},
}

@article{schakel_unequal_2000,
	title = {Unequal {Policy} {Responsiveness} in the {Netherlands}},
	journal = {Socio-Economic Review},
	author = {Schakel, Wouter},
	year = {2000},
}

@article{elkjaer_what_2020,
	title = {What {Drives} {Unequal} {Policy} {Responsiveness}? {Assessing} the {Role} of {Informational} {Asymmetries} in {Economic} {Policy}-{Making}},
	volume = {53},
	number = {14},
	journal = {Comparative Political Studies},
	author = {Elkjær, Mads Andreas},
	year = {2020},
	pages = {2213--2245},
}

@book{adams_unified_2005,
	address = {Cambridge, UK},
	title = {A {Unified} {Theory} of {Party} {Competition}. {A} {Cross}-{National} {Analysis} {Integrating} {Spatial} and {Behavioral} {Factors}},
	publisher = {Cambridge University Press},
	author = {Adams, James F. and Merrill, Samuel III and Grofman, Bernard},
	year = {2005},
}

@article{adams_are_2006,
	title = {Are {Niche} {Parties} {Fundamentally} {Different} from {Mainstream} {Parties}? {The} {Causes} and the {Electoral} {Consequences} of {Western} {European} {Parties}' {Policy} {Shifts}, 1976–1998},
	volume = {50},
	number = {3},
	journal = {American Journal of Political Science},
	author = {Adams, James and Clark, Michael and Ezrow, Lawrence and Glasgow, Garrett},
	year = {2006},
	note = {Publisher: Wiley Online Library},
	pages = {513--529},
}

@article{ahler_delegate_2017,
	title = {The {Delegate} {Paradox}: {Why} {Polarized} {Politicians} {Can} {Represent} {Citizens} {Best}},
	journal = {Journal of Politics},
	author = {Ahler, Douglas and Broockman, David E},
	year = {2017},
}

@article{ai_interaction_2003,
	title = {Interaction {Terms} in {Logit} and {Probit} {Models}},
	volume = {80},
	journal = {Economics Letters},
	author = {Ai, Chunrong and Norton, Edward C.},
	year = {2003},
	pages = {123--129},
}

@article{albright_multidimensional_2010,
	title = {The {Multidimensional} {Nature} of {Party} {Competition}},
	volume = {16},
	number = {6},
	journal = {Party Politics},
	author = {Albright, Jeremy J},
	year = {2010},
	note = {Publisher: SAGE Publications Sage UK: London, England},
	pages = {699--719},
}

@book{alvarez_information_1997,
	address = {Ann Arbor},
	series = {Michigan {Studies} in {Political} {Analysis}},
	title = {Information and {Elections}},
	publisher = {University of Michigan Press},
	author = {Alvarez, R Michael},
	year = {1997},
}

@article{barabas_estimating_2009,
	title = {Estimating the {Causal} {Effects} of {Media} {Coverage} on {Policy}-{Specific} {Knowledge}},
	volume = {53},
	number = {1},
	journal = {American Journal of Political Science},
	author = {Barabas, Jason and Jerit, Jennifer},
	year = {2009},
	note = {Publisher: Wiley Online Library},
	pages = {73--89},
}

@article{bartels_beyond_2002,
	title = {Beyond the {Running} tally: {Partisan} {Bias} in {Political} {Perceptions}},
	volume = {24},
	number = {2},
	journal = {Political Behavior},
	author = {Bartels, Larry M},
	year = {2002},
	note = {Publisher: Springer},
	pages = {117--150},
}

@article{bauer_is_2017,
	title = {Is the {Left}-{Right} {Scale} a {Valid} {Measure} of {Ideology}? {Individual}-{Level} {Variation} in {Associations} with ‘‘{Left}’’ and ‘‘{Right}’’ and {Left}-{Right} {Self}-{Placement}},
	volume = {39},
	number = {3},
	journal = {Political Behavior},
	author = {Bauer, Paul C. and Barberá, Pablo and Ackermann, Kathrin and Venetz, Aaron},
	year = {2017},
	pages = {553--583},
}

@article{belknap_political_1952,
	title = {Political {Party} {Identification} and {Attitudes} {Toward} {Foreign} {Policy}},
	volume = {15},
	number = {4},
	journal = {Public Opinion Quarterly},
	author = {Belknap, George and Campbell, Angus},
	year = {1952},
	note = {Publisher: Oxford University Press},
	pages = {601--623},
}

@book{belsley_regression_1980,
	address = {Hoboken, N.J.},
	title = {Regression {Diagnostics}: {Identifying} {Influential} {Data} and {Sources} of {Collinearity}},
	publisher = {Wiley},
	author = {Belsley, David A. and Kuh, Edwin and Welsch, Roy E.},
	year = {1980},
}

@book{berelson_voting_1954,
	address = {Chicago},
	title = {Voting: {A} {Study} of {Opinion} {Formation} in a {Presidential} {Campaign}},
	publisher = {University of Chicago Press},
	author = {Berelson, Bernard and Lazarsfeld, Paul F. and McPhee, William N.},
	year = {1954},
}

@article{berry_testing_2010,
	title = {Testing for {Interaction} in {Binary} {Logit} and {Probit} {Models}: {Is} a {Product} {Term} {Essential}?},
	volume = {54},
	number = {1},
	journal = {American Journal of Political Science},
	author = {Berry, William D. and DeMeritt, Jacqueline H. R. and Esarey, Justin},
	year = {2010},
	pages = {248--266},
}

@article{berry_improving_2012,
	title = {Improving {Tests} of {Theories} {Positing} {Interaction}},
	volume = {74},
	number = {3},
	journal = {The Journal of Politics},
	author = {Berry, William D and Golder, Matt and Milton, Daniel},
	year = {2012},
	note = {Place: New York
Publisher: Cambridge University Press},
	pages = {653--671},
}

@article{blais_formation_2001,
	title = {The {Formation} of {Party} {Preferences}: {Testing} the {Proximity} and {Directional} {Models}},
	volume = {40},
	number = {1},
	journal = {European Journal of Political Research},
	author = {Blais, André and Nadeau, Richard and Gidengil, Elisabeth and Nevitte, Neil},
	year = {2001},
	note = {Publisher: Springer},
	pages = {81--91},
}

@article{blais_does_2006,
	title = {Does {Proportional} {Representation} {Foster} {Closer} {Congruence} {Between} {Citizens} and {Policy} {Makers}?},
	volume = {39},
	number = {10},
	journal = {Comparative Political Studies},
	author = {Blais, André and Bodet, Marc André},
	year = {2006},
	pages = {1243--1262},
}

@article{bolsen_influence_2014,
	title = {The {Influence} of {Partisan} {Motivated} {Reasoning} on {Public} {Opinion}},
	volume = {36},
	number = {2},
	journal = {Political Behavior},
	author = {Bolsen, Toby and Druckman, James N and Cook, Fay Lomax},
	year = {2014},
	note = {Publisher: Springer},
	pages = {235--262},
}

@article{brians_campaign_1996,
	title = {Campaign {Issue} {Knowledge} and {Salience}: {Comparing} {Reception} from {TV} commercials, {TV} {News} and {Newspapers}},
	volume = {40},
	number = {1},
	journal = {American Journal of Political Science},
	author = {Brians, Craig Leonard and Wattenberg, Martin P},
	year = {1996},
	note = {Publisher: JSTOR},
	pages = {172--193},
}

@article{noauthor_approaches_2016,
	title = {Approaches to {Studying} {Policy} {Representation}},
	volume = {41},
	number = {1},
	journal = {Legislative Studies Quarterly},
	year = {2016},
	pages = {181--215},
}

@article{brody_comment_1972,
	title = {Comment: {The} {Assessment} of {Policy} {Voting}},
	volume = {66},
	number = {2},
	journal = {American Political Science Review},
	author = {Brody, Richard A and Page, Benjamin I},
	year = {1972},
	note = {Publisher: Cambridge University Press},
	pages = {450--458},
}

@article{brooks_democratic_1985,
	title = {Democratic {Frustration} in the {Anglo}-{American} {Polities}: {A} {Quantification} of {Inconsistency} {Between} {Mass} {Public} {Opinion} and {Public} {Policy}},
	volume = {38},
	number = {2},
	journal = {Western Political Quarterly},
	author = {Brooks, Joel E},
	year = {1985},
	note = {Publisher: Sage Publications Sage CA: Thousand Oaks, CA},
	pages = {250--261},
}

@article{brooks_opinion-policy_1987,
	title = {The {Opinion}-{Policy} {Nexus} in {France}: {Do} {Institutions} and {Ideology} {Make} a {Difference}?},
	volume = {49},
	number = {2},
	journal = {The Journal of Politics},
	author = {Brooks, Joel E},
	year = {1987},
	note = {Publisher: Southern Political Science Association},
	pages = {465--480},
}

@article{brooks_opinion-policy_1990,
	title = {The {Opinion}-{Policy} {Nexus} in {Germany}},
	volume = {54},
	number = {4},
	journal = {Public Opinion Quarterly},
	author = {Brooks, Joel E},
	year = {1990},
	note = {Publisher: AAPOR},
	pages = {508--529},
}

@article{bullock_elite_2011,
	title = {Elite {Influence} on {Public} {Opinion} in an {Informed} {Electorate}},
	volume = {105},
	number = {03},
	journal = {American Political Science Review},
	author = {Bullock, John G},
	year = {2011},
	note = {Publisher: Cambridge Univ Press},
	pages = {496--515},
}

@article{burstein_impact_2003,
	title = {The {Impact} of {Public} {Opinion} on {Public} {Policy}: {A} {Review} and an {Agenda}},
	volume = {56},
	number = {1},
	journal = {Political research quarterly},
	author = {Burstein, Paul},
	year = {2003},
	note = {Publisher: Sage Publications Sage CA: Thousand Oaks, CA},
	pages = {29--40},
}

@book{campbell_american_1960,
	address = {New York},
	title = {The {American} {Voter}},
	publisher = {Wiley},
	author = {Campbell, Angus and Converse, Philip and Miller, Warren and Stokes, Donald},
	year = {1960},
}

@article{campbell_civic_2009,
	title = {Civic engagement and education: {An} empirical test of the sorting model},
	volume = {53},
	number = {4},
	journal = {American Journal of Political Science},
	author = {Campbell, David E},
	year = {2009},
	note = {Publisher: Wiley Online Library},
	pages = {771--786},
}

@article{carmines_two_1980,
	title = {The {Two} {Faces} of {Issue} {Voting}},
	volume = {74},
	number = {1},
	journal = {American Political Science Review},
	author = {Carmines, Edward G and Stimson, James A},
	year = {1980},
	note = {Publisher: Cambridge University Press},
	pages = {78--91},
}

@book{carpini_what_1996,
	address = {New Haven},
	title = {What {Americans} {Know} {About} {Politics} and {Why} {It} {Matters}},
	publisher = {Yale University Press},
	author = {Carpini, Michael X. Delli and Keeter, Scott},
	year = {1996},
}

@article{carsey_changing_2006,
	title = {Changing {Sides} or {Changing} {Minds}? {Party} {Identification} and {Policy} {Preferences} in the {American} {Electorate}},
	volume = {50},
	number = {2},
	journal = {American Journal of Political Science},
	author = {Carsey, Thomas M and Layman, Geoffrey C},
	year = {2006},
	note = {Publisher: Wiley Online Library},
	pages = {464--477},
}

@book{cohen_statistical_1988,
	address = {Hillsdale, NJ},
	edition = {2nd},
	title = {Statistical {Power} {Analysis} for the {Behavioral} {Sciences}},
	publisher = {L. Erlbaum Associates},
	author = {Cohen, Jacob},
	year = {1988},
}

@article{cohen_party_2003,
	title = {Party over {Policy}: {The} {Dominating} {Impact} of {Group} {Influence} on {Political} {Beliefs}},
	volume = {85},
	number = {5},
	journal = {Journal of Personality and Social Psychology},
	author = {Cohen, Geoffrey L},
	year = {2003},
	note = {Publisher: American Psychological Association},
	pages = {808},
}

@incollection{converse_nature_1964,
	address = {London},
	title = {The {Nature} of {Belief} {Systems} in {Mass} {Publics}},
	booktitle = {Ideology and {Discontent}},
	publisher = {Free Press of Glencoe},
	author = {Converse, Philip E},
	editor = {Apter, David E},
	year = {1964},
	pages = {206--261},
}

@incollection{converse_attitudes_1970,
	address = {Reading, Mass},
	title = {Attitudes and {Non}-{Attitudes}: {Continuation} of a {Dialogue}},
	booktitle = {The {Quantitative} {Analysis} of {Social} {Problems}},
	publisher = {Addison- Wesley.},
	author = {Converse, Philip E},
	editor = {Tufte, Edward},
	year = {1970},
	pages = {168--189},
}

@book{dahl_democracy_1989,
	address = {New Haven},
	title = {Democracy and {Its} {Critics}},
	publisher = {Yale University Press},
	author = {Dahl, Robert A.},
	year = {1989},
}

@book{dalton_parties_2004,
	address = {Oxford},
	title = {Parties {Without} {Partisans}: {Political} {Change} in {Advanced} {Industrial} {Democracies}},
	publisher = {Oxford University Press},
	author = {Dalton, Russell J and Wattenberg, Martin P},
	year = {2004},
}

@article{dalton_party_2017,
	title = {Party {Representation} {Across} {Multiple} {Issue} {Dimensions}},
	volume = {23},
	number = {6},
	journal = {Party Politics},
	author = {Dalton, Russell J},
	year = {2017},
	note = {Publisher: SAGE Publications Sage UK: London, England},
	pages = {609--622},
}

@article{dassonneville_electoral_2018,
	title = {Electoral {Volatility} and {Parties}’ {Ideological} {Responsiveness}},
	volume = {57},
	journal = {European Journal of Political Research},
	author = {Dassonneville, Ruth},
	year = {2018},
	note = {Publisher: Wiley Online Library},
	pages = {808--828},
}

@article{dassonneville_policy_2020,
	title = {Policy responsiveness to all citizens or only to voters? {A} longitudinal analysis of policy responsiveness in {OECD} countries},
	url = {https://doi.org/10.1111/1475-6765.12417},
	journal = {European Journal of Political Research},
	author = {Dassonneville, Ruth and Feitosa, Fernando and Hooghe, Marc and Oser, Jennifer},
	year = {2020},
	note = {Publisher: Wiley Online Library},
}

@article{davis_expository_1970,
	title = {An {Expository} {Development} of a {Mathematical} {Model} of the {Electoral} {Process}},
	volume = {64},
	number = {2},
	journal = {American Political Science Review},
	author = {Davis, Otto A and Hinich, Melvin J and Ordeshook, Peter C},
	year = {1970},
	note = {Publisher: Cambridge University Press},
	pages = {426--448},
}

@article{druckman_lumpers_2006,
	title = {Lumpers and {Splitters}: {The} {Public} {Opinion} {Information} that {Politicians} {Collect} and {Use}},
	volume = {70},
	number = {4},
	journal = {International Journal of Public Opinion Quarterly},
	author = {Druckman, James N and Jacobs, Lawrence R},
	year = {2006},
	note = {Publisher: Oxford University Press England},
	pages = {453--476},
}

@article{druckman_how_2013,
	title = {How {Elite} {Partisan} {Polarization} {Affects} {Public} {Opinion} {Formation}},
	volume = {107},
	number = {01},
	journal = {American Political Science Review},
	author = {Druckman, James N and Peterson, Erik and Slothuus, Rune},
	year = {2013},
	note = {Publisher: Cambridge Univ Press},
	pages = {57--79},
}

@book{erikson_macro_2002,
	address = {New York},
	title = {The {Macro} {Polity}},
	publisher = {Cambridge University Press},
	author = {Erikson, Robert S and MacKuen, Michael B and Stimson, James A},
	year = {2002},
}

@article{ezrow_mean_2011,
	title = {Mean {Voter} {Representation} and {Partisan} {Constituency} {Representation}: {Do} {Parties} {Respond} to the {Mean} {Voter} {Position} or to their {Supporters}?},
	volume = {17},
	number = {3},
	journal = {Party Politics},
	author = {Ezrow, Lawrence and De Vries, Catherine and Steenbergen, Marco and Edwards, Erica},
	year = {2011},
	note = {Publisher: Sage Publications Sage UK: London, England},
	pages = {275--301},
}

@book{finkel_causal_1995,
	address = {Thousand Oaks, CA},
	title = {Causal {Analysis} with {Panel} {Data}},
	publisher = {Sage Publications},
	author = {Finkel, Steven E.},
	year = {1995},
}

@article{gelman_why_1993,
	title = {Why {Are} {American} {Presidential} {Election} {Campaign} {Polls} so {Variable} {When} {Votes} {Are} so {Predictable}?},
	volume = {23},
	number = {4},
	journal = {British Journal of Political Science},
	author = {Gelman, Andrew and King, Gary},
	year = {1993},
	note = {Publisher: Cambridge University Press},
	pages = {409--451},
}

@book{gilens_affluence_2012,
	address = {Princeton, N.J; New York},
	title = {Affluence and {Influence}: {Economic} {Inequality} and {Political} {Power} in {America}},
	publisher = {Princeton University Press; Russell Sage Foundation},
	author = {Gilens, Martin},
	year = {2012},
}

@article{grofman_neglected_1985,
	title = {The {Neglected} {Role} of the {Status} {Quo} in {Models} of {Issue} {Voting}},
	volume = {47},
	number = {1},
	journal = {The Journal of Politics},
	author = {Grofman, Bernard},
	year = {1985},
	note = {Publisher: Southern Political Science Association},
	pages = {230--237},
}

@article{griffin_are_2005,
	title = {Are {Voters} {Better} {Represented}?},
	volume = {67},
	number = {4},
	journal = {The Journal of Politics},
	author = {Griffin, John D and Newman, Brian},
	year = {2005},
	note = {Publisher: Cambridge University Press New York, USA},
	pages = {1206--1227},
}

@article{grynaviski_specification_2006,
	title = {Specification {Issues} in {Proximity} {Models} of {Candidate} {Evaluation} (with {Issue} {Importance})},
	volume = {14},
	number = {4},
	journal = {Political Analysis},
	author = {Grynaviski, Jeffrey D. and Corrigan, Bryce E.},
	year = {2006},
	pages = {393--420},
}

@article{guntermann_party_2019,
	title = {Party influence where predispositions are strong and party identification is weak: {Assessing} citizens’ reactions to party cues on regional nationalism in {Spain}},
	volume = {25},
	number = {4},
	journal = {Party Politics},
	author = {Guntermann, Eric},
	year = {2019},
	pages = {609--620},
}

@article{hanretty_choice-based_2020,
	title = {A {Choice}-{Based} {Measure} of {Issue} {Importance} in the {Electorate}},
	url = {https://doi.org/10.1111/ajps.12470},
	journal = {American journal of political science},
	author = {Hanretty, Chris and Lauderdale, Benjamin E and Vivyan, Nick},
	year = {2020},
	note = {Publisher: Wiley Online Library},
}

@article{hart_feeling_2017,
	title = {Feeling {Vulnerable}: {Political} {Identity} and the {Priming} versus {Opinion} {Change} {Puzzle}},
	author = {Hart, Austin},
	year = {2017},
}

@article{healy_irrelevant_2010,
	title = {Irrelevant {Events} {Affect} {Voters}' {Evaluations} of {Government} {Performance}},
	volume = {107},
	number = {29},
	journal = {Proceedings of the National Academy of Sciences},
	author = {Healy, Andrew J and Malhotra, Neil and Mo, Cecilia Hyunjung},
	year = {2010},
	pages = {12804--12809},
}

@article{holbrook_campaigns_1994,
	title = {Campaigns, {National} {Conditions}, and {U}.{S}. {Presidential} {Elections}},
	volume = {4},
	number = {38},
	journal = {American Journal of Political Science},
	author = {Holbrook, Thomas M},
	year = {1994},
	note = {Publisher: JSTOR},
	pages = {973--998},
}

@incollection{holmberg_party_1994,
	address = {Ann Arbor},
	title = {Party {Identification} {Compared} across the {Atlantic}},
	booktitle = {Elections at {Home} and {Abroad}: {Essays} in {Honor} of {Warren} {E}. {Miller}},
	publisher = {The University of Michigan Press},
	author = {Holmberg, Sören},
	editor = {Jennings, M. Kent and Mann, Thomas E.},
	year = {1994},
	pages = {93--121},
}

@article{hooghe_explaining_2018,
	title = {Explaining the {Trump} vote: {The} effect of racist resentment and anti-immigrant sentiments},
	volume = {51},
	number = {3},
	journal = {PS: Political Science \& Politics},
	author = {Hooghe, Marc and Dassonneville, Ruth},
	year = {2018},
	note = {Publisher: Cambridge University Press},
	pages = {528--534},
}

@book{iyengar_news_1987,
	address = {Chicago},
	title = {News that {Matters}: {Television} and {American} {Opinion}},
	publisher = {University of Chicago Press},
	author = {Iyengar, Shanto and Kinder, Donald R},
	year = {1987},
}

@article{jacoby_bootstrap_2014,
	title = {Bootstrap {Confidence} {Regions} for {Multidimensional} {Scaling} {Solutions}},
	volume = {58},
	number = {1},
	journal = {American Journal of Political Science},
	author = {Jacoby, William G and Armstrong, David A},
	year = {2014},
	note = {Publisher: Wiley Online Library},
	pages = {264--278},
}

@article{kedar_when_2005,
	title = {When {Moderate} {Voters} {Prefer} {Extreme} {Parties}: {Policy} {Balancing} in {Parliamentary} {Elections}},
	volume = {99},
	number = {2},
	journal = {American Political Science Review},
	author = {Kedar, Orit},
	year = {2005},
	note = {Publisher: Cambridge University Press},
	pages = {185--199},
}

@book{kedar_voting_2009,
	address = {New York},
	title = {Voting for {Policy}, {Not} {Parties}: {How} {Voters} {Compensate} for {Power} {Sharing}},
	publisher = {Cambridge University Press},
	author = {Kedar, Orit},
	year = {2009},
}

@book{key_public_1961,
	address = {New York},
	title = {Public {Opinion} and {American} {Democracy}},
	publisher = {Knopf},
	author = {Key, V.O. Jr.},
	year = {1961},
}

@incollection{kinder_public_1985,
	edition = {3},
	title = {Public {Opinion} and {Political} {Action}},
	volume = {2},
	booktitle = {The {Handbook} of {Social} {Psychology}},
	author = {Kinder, Donald R and Sears, David O},
	editor = {Lindzey, G. and Aronson, E.},
	year = {1985},
	pages = {659--741},
}

@book{kinder_neither_2017,
	address = {Chicago},
	title = {Neither {Liberal} nor {Conservative}: {Ideological} {Innocence} in the {American} {Public}},
	publisher = {The University of Chicago Press},
	author = {Kinder, Donald R. and Kalmoe, Nathan P.},
	year = {2017},
}

@article{krosnick_government_1990,
	title = {Government {Policy} and {Citizen} {Passion}: {A} {Study} of {Issue} {Publics} in {Contemporary} {America}},
	volume = {12},
	number = {1},
	journal = {Political Behavior},
	author = {Krosnick, Jon A.},
	year = {1990},
	pages = {59--92},
}

@article{lachat_role_2015,
	title = {The {Role} of {Party} {Identification} in {Spatial} {Models} of {Voting} {Choice}},
	volume = {3},
	number = {3},
	journal = {Political Science Research and Methods},
	author = {Lachat, Romain},
	year = {2015},
	note = {Publisher: Cambridge Univ Press},
	pages = {641--658},
}

@article{ladd_predispositions_2007,
	title = {Predispositions and {Public} {Support} for the {President} during the {War} on {Terrorism}},
	volume = {71},
	number = {4},
	journal = {Public Opinion Quarterly},
	author = {Ladd, Jonathan McDonald},
	year = {2007},
	note = {Publisher: Oxford University Press},
	pages = {511--538},
}

@article{lax_gay_2009,
	title = {Gay {Rights} in the {States}: {Public} {Opinion} and {Policy} {Responsiveness}},
	volume = {103},
	number = {3},
	journal = {American Political Science Review},
	author = {Lax, Jeffrey R and Phillips, Justin H},
	year = {2009},
	note = {Publisher: Cambridge University Press},
	pages = {367--386},
}

@article{lax_democratic_2012,
	title = {The {Democratic} {Deficit} in the {States}},
	volume = {56},
	number = {1},
	journal = {American Journal of Political Science},
	author = {Lax, Jeffrey R and Phillips, Justin H},
	year = {2012},
	note = {Publisher: Wiley Online Library},
	pages = {148--166},
}

@book{lazarsfeld_peoples_1968,
	address = {New York},
	title = {The {People}'s {Choice}: {How} the {Voter} {Makes} up his {Mind} in a {Presidential} {Campaign}},
	publisher = {Columbia University Press},
	author = {Lazarsfeld, Paul Felix and Berelson, Bernard and Gaudet, Hazel},
	year = {1968},
}

@article{leeper_political_2014,
	title = {Political {Parties}, {Motivated} {Reasoning}, and {Public} {Opinion} {Formation}},
	volume = {35},
	number = {S1},
	journal = {Political Psychology},
	author = {Leeper, Thomas J. and Slothuus, Rune},
	year = {2014},
	note = {Publisher: Wiley Online Library},
	pages = {129--156},
}

@article{leeper_more_2020,
	title = {More important, but for what exactly? {The} insignificant role of subjective issue importance in vote decisions},
	volume = {42},
	number = {1},
	journal = {Political Behavior},
	author = {Leeper, Thomas J and Robison, Joshua},
	year = {2020},
	note = {Publisher: Springer},
	pages = {239--259},
}

@book{lees-marshment_political_2014,
	address = {Milton Park, UK; New York},
	title = {Political {Marketing}: {Principles} and {Applications}},
	publisher = {Routledge},
	author = {Lees-Marshment, Jennifer},
	year = {2014},
}

@article{lenz_learning_2009,
	title = {Learning and {Opinion} {Change}, {Not} {Priming}: {Reconsidering} the {Priming} {Hypothesis}},
	volume = {53},
	number = {4},
	journal = {American Journal of Political Science},
	author = {Lenz, Gabriel S},
	year = {2009},
	note = {Publisher: Wiley Online Library},
	pages = {821--837},
}

@book{lodge_rationalizing_2013,
	address = {Cambridge},
	title = {The {Rationalizing} {Voter}},
	publisher = {Cambridge University Press},
	author = {Lodge, Milton and Taber, Charles S.},
	year = {2013},
}

@book{lupia_uninformed_2015,
	title = {Uninformed: {Why} people seem to know so little about politics and what we can do about it},
	publisher = {Oxford University Press},
	author = {Lupia, Arthur},
	year = {2015},
}

@book{lupu_party_2016,
	address = {New York},
	title = {Party {Brands} in {Crisis}: {Partisanship}, {Brand} {Dilution}, and the {Breakdown} of {Political} {Parties} in {Latin} {America}},
	publisher = {Cambridge University Press},
	author = {Lupu, Noam},
	year = {2016},
}

@incollection{manin_elections_1999,
	address = {Cambridge},
	title = {Elections and {Representation}},
	booktitle = {Democracy {Accountability} and {Representation}},
	publisher = {Cambridge University Press},
	author = {Manin, Bernard and Przeworski, Adam and Stokes, Susan C.},
	editor = {Przeworski, Adam and Stokes, Susan C. and Manin, Bernard},
	year = {1999},
	pages = {29--54},
}

@article{markus_dynamic_1979,
	title = {A {Dynamic} {Simultaneous} {Equation} {Model} of {Electoral} {Choice}},
	volume = {73},
	number = {4},
	journal = {American Political Science Review},
	author = {Markus, Gregory B and Converse, Philip E},
	year = {1979},
	pages = {1055--1070},
}

@article{martin_parties_2014,
	title = {Parties and policymaking in multiparty governments: the legislative median, ministerial autonomy, and the coalition compromise},
	volume = {58},
	number = {4},
	journal = {American Journal of Political Science},
	author = {Martin, Lanny W and Vanberg, Georg},
	year = {2014},
	note = {Publisher: Wiley Online Library},
	pages = {979--996},
}

@article{matthews_issue_2017,
	title = {Issue {Priming} {Revisited}: {Susceptible} {Voters} and {Detectable} {Effects}},
	volume = {49},
	number = {2},
	journal = {British Journal of Political Science},
	author = {Matthews, J. Scott},
	year = {2017},
	pages = {1--19},
}

@article{miller_constituency_1963,
	title = {Constituency {Influence} in {Congress}},
	volume = {57},
	number = {1},
	journal = {The American Political Science Review},
	author = {Miller, Warren E and Stokes, Donald E},
	year = {1963},
	pages = {45--56},
}

@article{miller_news_2000,
	title = {News {Media} {Impact} on the {Ingredients} of {Presidential} {Evaluations}: {Politically} {Knowledgeable} {Citizens} {Are} {Guided} by a {Trusted} {Source}},
	volume = {40},
	number = {2},
	journal = {American Journal of Political Science},
	author = {Miller, Joanne M and Krosnick, Jon A},
	year = {2000},
	note = {Publisher: JSTOR},
	pages = {301--315},
}

@article{miller_new_1996,
	title = {The {New} {American} {Voter}},
	author = {Miller, Warren Edward and Shanks, J Merrill},
	year = {1996},
	note = {Place: Cambridge, MA
Publisher: Harvard University Press},
}

@article{monroe_consistency_1979,
	title = {Consistency {Between} {Public} {Preferences} and {National} {Policy} {Decisions}},
	volume = {7},
	number = {1},
	journal = {American Politics Quarterly},
	author = {Monroe, Alan D},
	year = {1979},
	note = {Publisher: Sage Publications Sage CA: Thousand Oaks, CA},
	pages = {3--19},
}

@article{mullinix_partisanship_2016,
	title = {Partisanship and {Preference} {Formation}: {Competing} {Motivations}, {Elite} {Polarization}, and {Issue} {Importance}},
	volume = {38},
	number = {2},
	journal = {Political Behavior},
	author = {Mullinix, Kevin J},
	year = {2016},
	note = {Publisher: Springer},
	pages = {383--411},
}

@book{nie_changing_1979,
	address = {Cambridge; London},
	edition = {Enlarged Edition},
	title = {The {Changing} {American} {Voter}},
	publisher = {Harvard University Press},
	author = {Nie, Norman H and Verba, Sidney and Petrocik, John R},
	year = {1979},
}

@article{niemi_new_1985,
	title = {New {Measures} of {Issue} {Salience}: {An} {Evaluation}},
	volume = {47},
	number = {4},
	journal = {The Journal of Politics},
	author = {Niemi, Richard G and Bartels, Larry M},
	year = {1985},
	note = {Publisher: Southern Political Science Association},
	pages = {1212--1220},
}

@article{page_reciprocal_1979,
	title = {Reciprocal {Effects} of {Policy} {Preferences}, {Party} {Loyalties} and the {Vote}},
	volume = {73},
	number = {4},
	journal = {American Political Science Review},
	author = {Page, Benjamin I and Jones, Calvin C},
	year = {1979},
	pages = {1073--1089},
}

@article{page_effects_1983,
	title = {Effects of {Public} {Opinion} on {Policy}},
	volume = {77},
	number = {1},
	journal = {American Political Science Review},
	author = {Page, Benjamin I and Shapiro, Robert Y},
	year = {1983},
	note = {Publisher: Cambridge University Press},
	pages = {175--190},
}

@article{petry_electoral_1999,
	title = {Electoral and partisan cycles in the {Canadian} provinces},
	journal = {Canadian Journal of Political Science/Revue canadienne de science politique},
	author = {Petry, François and Imbeau, Louis M and Crête, Jean and Clavet, Michel},
	year = {1999},
	note = {Publisher: JSTOR},
	pages = {273--292},
}

@article{petry_public_2004,
	title = {Public {Opinion} and {Policy} {Making} in {Canada} 1994–2001},
	volume = {37},
	number = {3},
	journal = {Canadian Journal of Political Science},
	author = {Petry, François and Mendelsohn, Matthew},
	year = {2004},
	note = {Publisher: Cambridge Univ Press},
	pages = {505--529},
}

@book{pitkin_concept_1967,
	address = {Berkeley, CA},
	title = {The {Concept} of {Representation}},
	publisher = {University of California Press},
	author = {Pitkin, Hanna F},
	year = {1967},
}

@book{powell_elections_2000,
	address = {New Haven},
	title = {Elections as {Instruments} of {Democracy}: {Majoritarian} and {Proportional} {Visions}},
	publisher = {Yale University Press},
	author = {Powell, G Bingham},
	year = {2000},
}

@article{powell_ideological_2009,
	title = {The {Ideological} {Congruence} {Controversy} {The} {Impact} of {Alternative} {Measures}, {Data}, and {Time} {Periods} on the {Effects} of {Election} {Rules}},
	volume = {42},
	number = {12},
	journal = {Comparative Political Studies},
	author = {Powell, G Bingham},
	year = {2009},
	note = {Publisher: SAGE Publications},
	pages = {1475--1497},
}

@article{rabinowitz_directional_1989,
	title = {A directional {Theory} of {Issue} {Voting}},
	volume = {83},
	number = {1},
	journal = {American Political Science Review},
	author = {Rabinowitz, George and Macdonald, Stuart Elaine},
	year = {1989},
	note = {Publisher: Cambridge University Press},
	pages = {93--121},
}

@article{tesler_priming_2015,
	title = {Priming {Predispositions} and {Changing} {Policy} {Positions}: {An} {Account} of {When} {Mass} {Opinion} is {Primed} or {Changed}},
	volume = {59},
	number = {4},
	journal = {American Journal of Political Science},
	author = {Tesler, Michael},
	year = {2015},
	pages = {806--824},
}

@article{schumacher_why_2013,
	title = {Why {Do} {Parties} {Change} {Position}? {Party} {Organization} and {Environmental} {Incentives}},
	volume = {75},
	number = {2},
	journal = {The Journal of Politics},
	author = {Schumacher, Gijs and De Vries, Catherine E and Vis, Barbara},
	year = {2013},
	note = {Publisher: Cambridge University Press New York, USA},
	pages = {464--477},
}

@article{schakel_unequal_2019,
	title = {Unequal policy responsiveness in the {Netherlands}},
	journal = {Socio-Economic Review},
	author = {Schakel, Wouter},
	year = {2019},
}

@book{soroka_degrees_2010,
	address = {Cambrige},
	title = {Degrees of {Democracy}: {Politics}, {Public} {Opinion}, and {Policy}},
	publisher = {Cambridge University Press},
	author = {Soroka, Stuart Neil and Wlezien, Christopher},
	year = {2010},
}

@article{stimson_dynamic_1995,
	title = {Dynamic {Representation}},
	volume = {89},
	number = {3},
	journal = {American Political Science Review},
	author = {Stimson, James A and MacKuen, Michael B and Erikson, Robert S},
	year = {1995},
	note = {Publisher: Cambridge University Press},
	pages = {543--565},
}

@article{stokes_spatial_1963,
	title = {Spatial {Models} of {Party} {Competition}},
	volume = {57},
	number = {2},
	journal = {American political science review},
	author = {Stokes, Donald E},
	year = {1963},
	note = {Publisher: Cambridge University Press},
	pages = {368--377},
}

@article{tavits_principle_2007,
	title = {Principle vs. {Pragmatism}: {Policy} {Shifts} and {Political} {Competition}},
	volume = {51},
	number = {1},
	journal = {American Journal of Political Science},
	author = {Tavits, Margit},
	year = {2007},
	note = {Publisher: Wiley Online Library},
	pages = {151--165},
}

@incollection{thomassen_party_1976,
	address = {New York},
	title = {Party {Identification} as a {Cross}-{National} {Concept}: {Its} {Meaning} in the {Netherlands}},
	booktitle = {Party {Identification} and {Beyond}},
	publisher = {John Wiley and Sons},
	author = {Thomassen, Jacques},
	editor = {Budge, Ian and Crewe, Ivor and Farlie, Dennis},
	year = {1976},
	pages = {263--266},
}

@article{thomassen_blind_2012,
	title = {The {Blind} {Corner} of {Political} {Representation}},
	volume = {48},
	number = {1},
	journal = {Representation},
	author = {Thomassen, Jacques},
	year = {2012},
	note = {Publisher: Taylor \& Francis},
	pages = {13--27},
}

@article{thomson_fulfillment_2017,
	title = {The {Fulfillment} of {Parties}’ {Election} {Pledges}: {A} {Comparative} {Study} on the {Impact} of {Power} {Sharing}},
	volume = {61},
	number = {3},
	journal = {American Journal of Political Science},
	author = {Thomson, Robert and Royed, Terry and Naurin, Elin and Artés, Joaquín and Costello, Rory and Ennser-Jedenastik, Laurenz and Ferguson, Mark and Kostadinova, Petia and Moury, Catherine and Pétry, François and {others}},
	year = {2017},
	note = {Publisher: Wiley Online Library},
	pages = {527--542},
}

@article{todorov_inferences_2005,
	title = {Inferences of {Competence} from {Faces} {Predict} {Election} {Outcomes}},
	volume = {308},
	number = {5728},
	journal = {Science},
	author = {Todorov, Alexander and Mandisodza, Anesu N and Goren, Amir and Hall, Crystal C},
	year = {2005},
	note = {Publisher: American Association for the Advancement of Science},
	pages = {1623--1626},
}

@article{tomz_candidate_2008,
	title = {Candidate {Positioning} and {Voter} {Choice}},
	volume = {102},
	number = {3},
	journal = {American Political Science Review},
	author = {Tomz, Michael and Van Houweling, Robert P},
	year = {2008},
	note = {Publisher: Cambridge University Press},
	pages = {303--318},
}

@article{tsebelis_decision_1995,
	title = {Decision {Making} in {Political} {Systems}: {Veto} {Players} in {Presidentialism}, {Parliamentarism}, {Multicameralism} and {Multipartyism}},
	volume = {25},
	number = {3},
	journal = {British journal of political science},
	author = {Tsebelis, George},
	year = {1995},
	note = {Publisher: Cambridge University Press},
	pages = {289--325},
}

@article{wlezien_salience_2005,
	title = {On the salience of political issues: {The} problem with ?most important problem?},
	volume = {24},
	number = {4},
	journal = {Electoral Studies},
	author = {Wlezien, Christopher},
	year = {2005},
	note = {Publisher: Elsevier},
	pages = {555--579},
}

@article{wlezien_political_2012,
	title = {Political {Institutions} and the {Opinion}–{Policy} {Link}},
	volume = {35},
	number = {6},
	journal = {West European Politics},
	author = {Wlezien, Christopher and Soroka, Stuart N},
	year = {2012},
	note = {Publisher: Taylor \& Francis},
	pages = {1407--1432},
}

@article{wlezien_patterns_2004,
	title = {Patterns of {Representation}: {Dynamics} of {Public} {Peferences} and {Policy}},
	volume = {66},
	number = {1},
	journal = {The Journal of Politics},
	author = {Wlezien, Christopher},
	year = {2004},
	note = {Publisher: Cambridge University Press New York, USA},
	pages = {1--24},
}

@article{wlezien_policy_2017,
	title = {Policy ({Mis}) {Representation} and the {Cost} of {Ruling}: {US} {Presidential} {Elections} in {Comparative} {Perspective}},
	volume = {50},
	number = {6},
	journal = {Comparative Political Studies},
	author = {Wlezien, Christopher},
	year = {2017},
	note = {Publisher: SAGE Publications Sage CA: Los Angeles, CA},
	pages = {711--738},
}

@article{wratil_territorial_nodate,
	title = {Territorial {Representation} and the {Opinion}–{Policy} {Linkage}: {Evidence} from the {European} {Union}},
	journal = {American Journal of Political Science},
	author = {Wratil, Christopher},
	note = {Publisher: Wiley Online Library},
}

@article{zaller_monica_1998,
	title = {Monica {Lewinsky}'s {Contribution} to {Political} {Science}},
	volume = {31},
	number = {2},
	journal = {PS: Political Science \& Politics},
	author = {Zaller, John R},
	year = {1998},
	note = {Publisher: Cambridge Univ Press},
	pages = {182--189},
}
