@article{persson2014measuring,
  title={Measuring political participation—Testing social desirability bias in a web-survey experiment},
  author={Persson, Mikael and Solevid, Maria},
  journal={International Journal of Public Opinion Research},
  volume={26},
  number={1},
  pages={98--112},
  year={2014},
  publisher={Oxford University Press}
}

@article{persson2012does,
  title={Does type of education affect political participation? Results from a panel survey of Swedish adolescents},
  author={Persson, Mikael},
  journal={Scandinavian Political Studies},
  volume={35},
  number={3},
  pages={198--221},
  year={2012},
  publisher={Blackwell Publishing Ltd Oxford, UK}
}

@article{persson2011empirical,
  title={An empirical test of the relative education model in Sweden},
  author={Persson, Mikael},
  journal={Political Behavior},
  volume={33},
  number={3},
  pages={455--478},
  year={2011},
  publisher={Springer US}
}

@article{persson2010did,
  title={Did the egalitarian reforms of the Swedish educational system equalise levels of democratic citizenship?},
  author={Persson, Mikael and Oscarsson, Henrik},
  journal={Scandinavian Political Studies},
  volume={33},
  number={2},
  pages={135--163},
  year={2010},
  publisher={Blackwell Publishing Ltd Oxford, UK}
}

@article{persson2015classroom,
  title={Classroom climate and political learning: Findings from a Swedish panel study and comparative data},
  author={Persson, Mikael},
  journal={Political Psychology},
  volume={36},
  number={5},
  pages={587--601},
  year={2015}
}

@article{esaiasson2017responsiveness,
  title={Responsiveness beyond policy satisfaction: Does it matter to citizens?},
  author={Esaiasson, Peter and Gilljam, Mikael and Persson, Mikael},
  journal={Comparative Political Studies},
  volume={50},
  number={6},
  pages={739--765},
  year={2017},
  publisher={SAGE Publications Sage CA: Los Angeles, CA}
}

@article{persson2015education,
  title={Education and political participation},
  author={Persson, Mikael},
  journal={British Journal of Political Science},
  volume={45},
  number={3},
  pages={689--703},
  year={2015},
  publisher={Cambridge University Press}
}

@article{persson2013effects,
  title={The effects of direct voting and deliberation on legitimacy beliefs: An experimental study of small group decision-making},
  author={Persson, Mikael and Esaiasson, Peter and Gilljam, Mikael},
  journal={European Political Science Review},
  volume={5},
  number={3},
  pages={381--399},
  year={2013},
  publisher={Cambridge University Press}
}

@article{persson2013generational,
  title={The generational effect in turnout in the Swedish general elections, 1960--2010},
  author={Persson, Mikael and Wass, Hanna and Oscarsson, Henrik},
  journal={Scandinavian Political Studies},
  volume={36},
  number={3},
  pages={249--269},
  year={2013}
}

@article{gilljam2012representatives,
  title={Representatives' Attitudes Toward Citizen Protests in Sweden: The Impact of Ideology, Parliamentary Position, and Experiences},
  author={Gilljam, Mikael and Persson, Mikael and Karlsson, David},
  journal={Legislative Studies Quarterly},
  volume={37},
  number={2},
  pages={251--268},
  year={2012},
  publisher={Wiley Online Library}
}

@article{bakker2015personality,
  title={Personality traits and party identification over time},
  author={Bakker, Bert N and Hopmann, David Nicolas and Persson, Mikael},
  journal={European Journal of Political Research},
  volume={54},
  number={2},
  pages={197--215},
  year={2015}
}

@article{esaiasson2012decision,
  title={Which decision-making arrangements generate the strongest legitimacy beliefs? Evidence from a randomised field experiment},
  author={Esaiasson, Peter and Gilljam, Mikael and Persson, Mikael},
  journal={European Journal of Political Research},
  volume={51},
  number={6},
  pages={785--808},
  year={2012},
  publisher={Blackwell Publishing Ltd Oxford, UK}
}

@article{persson2014social,
  title={Social network position mediates the effect of education on active political party membership},
  author={Persson, Mikael},
  journal={Party Politics},
  volume={20},
  number={5},
  pages={724--739},
  year={2014},
  publisher={Sage Publications Sage UK: London, England}
}

@article{persson2014testing,
  title={Testing the relationship between education and political participation using the 1970 British cohort study},
  author={Persson, Mikael},
  journal={Political Behavior},
  volume={36},
  number={4},
  pages={877--897},
  year={2014},
  publisher={Springer US}
}

@article{dahlberg2014different,
  title={Different surveys, different results? A comparison of two surveys on the 2009 European Parliamentary Election},
  author={Dahlberg, Stefan and Persson, Mikael},
  journal={West European Politics},
  volume={37},
  number={1},
  pages={204--221},
  year={2014},
  publisher={Routledge}
}

@article{persson2013effect,
  title={Is the effect of education on voter turnout absolute or relative? A multi-level analysis of 37 countries},
  author={Persson, Mikael},
  journal={Journal of Elections, Public Opinion \& Parties},
  volume={23},
  number={2},
  pages={111--133},
  year={2013},
  publisher={Taylor \& Francis}
}

@article{persson2013voter,
  title={Voter Turnout and Political Equality: Testing the ‘Law of Dispersion’in a S wedish Natural Experiment},
  author={Persson, Mikael and Solevid, Maria and {\"O}hrvall, Richard},
  journal={Politics},
  volume={33},
  number={3},
  pages={172--184},
  year={2013}
}

@article{gilljam2011comparison,
  title={Comparison of web and mail responses in a census of Swedish local political representatives},
  author={Gilljam, Mikael and Granberg, Donald and Holm, Bengt and Karlsson, David and Persson, Mikael and Sundell, Anders},
  journal={Survey Practice},
  volume={4},
  number={3},
  pages={3046},
  year={2011}
}

@article{erlingsson2011swedish,
  title={The Swedish Pirate Party and the 2009 European Parliament election: protest or issue voting?},
  author={Erlingsson, Gissur {\'O} and Persson, Mikael},
  journal={Politics},
  volume={31},
  number={3},
  pages={121--128},
  year={2011},
  publisher={SAGE Publications Sage UK: London, England}
}

@article{healy2017digging,
  title={Digging into the pocketbook: Evidence on economic voting from income registry data matched to a voter survey},
  author={Healy, Andrew J and Persson, Mikael and Snowberg, Erik},
  journal={American Political Science Review},
  volume={111},
  number={4},
  pages={771--785},
  year={2017},
  publisher={Cambridge University Press}
}

@article{persson2016does,
  title={How does education affect adolescents’ political development?},
  author={Persson, Mikael and Lindgren, Karl-Oskar and Oskarsson, Sven},
  journal={Economics of Education Review},
  volume={53},
  pages={182--193},
  year={2016},
  publisher={Elsevier}
}

@article{persson2014does,
  title={Does Election Day weather affect voter turnout? Evidence from Swedish elections},
  author={Persson, Mikael and Sundell, Anders and {\"O}hrvall, Richard},
  journal={Electoral Studies},
  volume={33},
  pages={335--342},
  year={2014},
  publisher={Elsevier}
}

@article{persson2014does,
  title={Does Survey Participation Increase Voter Turnout? Re-examining the Hawthorne Effect in the Swedish National Election Studies},
  author={Persson, Mikael},
  journal={Political Science Research and Methods},
  volume={2},
  number={2},
  pages={297},
  year={2014},
  publisher={Cambridge University Press}
}

@article{esaiasson2014does,
  title={Does Studying Political Science Affect Civic Attitudes?: A Panel Comparison of Students of Politics, Law, and Mass Communication},
  author={Esaiasson, Peter and Persson, Mikael},
  journal={Journal of Political Science Education},
  volume={10},
  number={4},
  pages={375--385},
  year={2014},
  publisher={Taylor \& Francis}
}

@article{persson2018patrimonial,
  title={Patrimonial economic voting and asset value--new evidence from taxation register data},
  author={Persson, Mikael and Martinsson, Johan},
  journal={British Journal of Political Science},
  volume={48},
  number={3},
  pages={825--842},
  year={2018},
  publisher={Cambridge University Press}
}

@incollection{esaiasson2017political,
  title={Political support in the wake of policy controversies},
  author={Esaiasson, Peter and Gilljam, Mikael and Persson, Mikael},
  booktitle={Myth and reality of the legitimacy crisis. Explaining trends and cross-national differences in established democracies},
  year={2017},
  publisher={Oxford University Press}
}

@article{esaiasson2019reconsidering,
  title={Reconsidering the role of procedures for decision acceptance},
  author={Esaiasson, Peter and Persson, Mikael and Gilljam, Mikael and Lindholm, Torun},
  journal={British Journal of Political Science},
  volume={49},
  number={1},
  pages={291--314},
  year={2019},
  publisher={Cambridge University Press}
}

@article{lindgren2019access,
  title={Access to education and political candidacy: Lessons from school openings in Sweden},
  author={Lindgren, Karl-Oskar and Oskarsson, Sven and Persson, Mikael},
  journal={Economics of Education Review},
  volume={69},
  pages={138--148},
  year={2019},
  publisher={Pergamon}
}

@article{lindgren2019enhancing,
  title={Enhancing Electoral Equality: Can Education Compensate for Family Background Differences in Voting Participation?},
  author={Lindgren, Karl-Oskar and Oskarsson, Sven and Persson, Mikael},
  journal={American Political Science Review},
  volume={113},
  number={1},
  pages={108--122},
  year={2019},
  publisher={Cambridge University Press}
}

@article{persson2020does,
  title={Does deliberative education increase civic competence? Results from a field experiment},
  author={Persson, Mikael and Andersson, Klas and Zetterberg, P{\"a}r and Ekman, Joakim and Lundin, Simon},
  journal={Journal of Experimental Political Science},
  volume={7},
  number={3},
  pages={199--208},
  year={2020},
  publisher={Cambridge University Press}
}

@article{persson2021opinions,
  title={From opinions to policies: Examining the links between citizens, representatives, and policy change},
  author={Persson, Mikael},
  journal={Electoral Studies},
  volume={74},
  pages={102413},
  year={2021},
  publisher={Pergamon}
}

@article{guntermann2021issue,
  title={Issue voting and government responsiveness to policy preferences},
  author={Guntermann, Eric and Persson, Mikael},
  journal={Political Behavior},
  pages={1--24},
  year={2021},
  publisher={Springer US}
}
